2004 4230
59 900 145 977 tur,
163 883 306 995 partim
325 877 436 997 apud
462 909 525 965 me
549 883 592 963 in
616 876 844 965 adversariis
869 907 938 961 ne·

62 992 205 1103 glestae
222 996 416 1100 jacerent,
443 992 619 1075 nunc'in
641 1018 771 1075 unum
789 1016 938 1103 corpus

60 1107 261 1192 collemas
287 1131 333 1187 ut
357 1102 425 1188 cdi
449 1132 496 1187 ac
528 1084 729 1215 divulgari
767 1128 937 1215 paterer,

63 1222 187 1304 amici
202 1216 372 1331 qvidam
384 1274 397 1311 ‚
409 1214 541 1301 mult&
563 1219 662 1308 mei,
679 1213 754 1298 hac
772 1212 940 1326 qvidern

61 1334 239 1441 inpane,
284 1328 378 1431 vhm
392 1355 464 1453 par
481 1326 550 1423 est,
564 1328 744 1438 &qvam
764 1353 842 1438 ego
861 1322 941 1438 ipse

63 1443 211 1537 vellem
240 1358 517 1533 ffudiolorcn
554 1440 806 1551 impulerunt.
871 1442 942 1521 Sa-

63 1558 116 1637 tis
137 1552 330 1667 superqve
353 1552 478 1637 fuerat
508 1610 520 1648 ‚
563 1578 696 1635 earum
724 1552 867 1663 partim
899 1552 943 1632 in

61 1662 303 1749 scholastrco
322 1668 509 1779 pulvere,
530 1686 650 1776 atqve
668 1668 711 1746 in
735 1662 835 1757 illis,
856 1689 944 1744 cru-

65 1776 247 1861 ditorum
276 1778 493 1861 hominum
528 1774 811 1868 umbraculis,
852 1800 944 1857 non

66 1914 227 1972 rantum
251 1890 388 1983 remo,
409 1916 454 1972 ut
471 1886 614 1973 dicitur
636 1944 649 1982 ,
678 1883 815 1971 stetiss'e
832 1886 943 1996 galo,

63 2040 349 2237 sedssplausum
377 2047 495 2126 etiam
522 2044 567 2126 &
617 1998 946 2137 c'lsswnuaffr'mq

171 2183 192 2236 e
218 2180 228 2236 ε

63 2156 137 2237 tuli
290 2152 357 2236 sed
383 2159 524 2269 partim
553 2159 595 2238 in
626 2158 700 2241 illo
729 2150 942 2249 consessu,

64 2294 154 2379 qvo
175 2266 333 2349 nullum
351 2264 468 2350 habet
485 2294 668 2353 terrarum
688 2267 796 2350 orbis
818 2296 945 2379 augu-

63 2379 256 2470 stiorem,
283 2380 326 2461 ὃ(
348 2375 508 2463 srlemio
535 2378 713 2471 auditas,
737 2380 780 2461 ὁ(
796 2384 944 2491 princi-

62 2514 163 2602 pum
178 2493 357 2572 virorum
384 2490 944 2577 testimoniocommendatas

62 2596 188 2685 fuiffe.
278 2600 487 2714 Superzirat
517 2603 682 2686 fortuna
699 2601 784 2716 spes
804 2632 944 2690 meas:

63 2741 191 2825 qvam
209 2712 350 2826 saepiris
365 2714 447 2797 fine
464 2714 580 2799 causa
595 2720 784 2827 experri,
796 2742 947 2829 negant

63 2822 139 2909 effe
174 2823 369 2938 sapientis.
464 2829 610 2939 Neqve
638 2827 791 2912 nescius
820 2857 944 2925 eram,

63 2938 353 3023 morosroraac
367 2936 599 3025 difficiliora
619 2936 693 3024 effe
708 2944 944 3054 legentium,

63 3076 191 3171 qvam
216 3050 465 3137 audientium
487 3050 702 3161 ‚judiciat
763 3050 947 3165 saepeqve
982 3158 984 3165 Ι

62 3158 442 3276 accidere‚ut‚qvae
462 3158 668 3249 audi'entes
687 3164 945 3261 mirabamur,
982 3178 984 3197 '

62 3270 206 3356 eadem
228 3276 400 3387 legentes
425 3274 638 3361 rideamus.
732 3275 810 3364 Sed
840 3276 947 3389 qvid

62 3380 262 3477 facerem
312 3392 505 3501 Cupienti
521 3389 618 3476 mihi
642 3390 725 3505 jam
747 3392 881 3503 latere,
902 3421 947 3477 a·

107 3514 112 3525 '
850 3506 946 3591 mrci
